<?xml version="1.0" encoding="UTF-8"?><collection xmlns="http://www.loc.gov/MARC21/slim"><record><leader>00741nam--2200169-i-4500</leader><controlfield tag="001">000043355</controlfield><controlfield tag="002">20161230</controlfield><controlfield tag="005">20161230201044</controlfield><controlfield tag="008">060222s1000------------r-----000-0-eng-d</controlfield><datafield ind1=" " ind2=" " tag="040"><subfield code="a">IFIN-HH</subfield></datafield><datafield ind1=" " ind2=" " tag="080"><subfield code="a">539.12.04</subfield></datafield><datafield ind1="1" ind2=" " tag="110"><subfield code="a">American Society For Testing And Materials</subfield></datafield><datafield ind1="1" ind2="0" tag="245"><subfield code="a">Symposium on radiation effects on materials</subfield><subfield code="b">Vol. 3. presented at the sixty-first annual meeting american society for testing materials boston, mass., june 24, 1958 sponsored jointly by the american society for testing materials and the atomic industrial forum</subfield></datafield><datafield ind1=" " ind2=" " tag="260"><subfield code="a">Philadelphia</subfield><subfield code="b">American Society For Testing Materials</subfield><subfield code="c">1959</subfield></datafield><datafield ind1=" " ind2=" " tag="490"><subfield code="a">Astm Special Technical Publication</subfield><subfield code="v">No. 233</subfield></datafield><datafield ind1=" " ind2=" " tag="852"><subfield code="a">15067</subfield><subfield code="c">539.12.04</subfield></datafield><datafield ind1=" " ind2=" " tag="CAT"><subfield code="a">Sys</subfield><subfield code="c">20120203</subfield><subfield code="h">111615</subfield></datafield></record></collection>